%% This BibTeX bibliography file was created using BibDesk.
%% http://bibdesk.sourceforge.net/


%% Created for Dömötör Gulyás at 2022-01-13 20:09:22 -0500 


%% Saved with string encoding Unicode (UTF-8) 



@online{cite-key,
	author = {W.S. Harwin},
	date-added = {2022-01-13 20:07:56 -0500},
	date-modified = {2022-01-13 20:08:42 -0500},
	lastchecked = {2022-01-13},
	title = {Two-port networks in mechatronics},
	url = {http://www.personal.rdg.ac.uk/~shshawin/LN/two.pdf},
	year = {2011}}

@online{switchcraft-svpwm,
	author = {Yngve Solbakken},
	date-added = {2021-05-14 09:45:09 -0400},
	date-modified = {2021-05-14 09:45:54 -0400},
	lastchecked = {2021-05-14},
	title = {Space Vector PWM Intro},
	url = {https://www.switchcraft.org/learning/2017/3/15/space-vector-pwm-intro},
	year = {2017},
	bdsk-url-1 = {https://www.switchcraft.org/learning/2017/3/15/space-vector-pwm-intro}}

@mastersthesis{sfoc-pmsm,
	author = {James Robert Mevey},
	date-added = {2021-01-08 10:44:45 -0500},
	date-modified = {2021-01-08 10:46:11 -0500},
	school = {Kansas State University},
	title = {Sensorless Field Oriented Control of Brushless Permanent Magnet Synchronous Motors},
	url = {https://krex.k-state.edu/dspace/bitstream/handle/2097/1507/JamesMevey2009.pdf;jsessionid=95C3221409883523CCF9AEC3B5FC27AD?sequence=1},
	year = {2006},
	bdsk-url-1 = {https://krex.k-state.edu/dspace/bitstream/handle/2097/1507/JamesMevey2009.pdf;jsessionid=95C3221409883523CCF9AEC3B5FC27AD?sequence=1}}

@online{tim-torque,
	author = {Richard Parsons},
	date-added = {2021-01-08 10:42:56 -0500},
	date-modified = {2021-01-08 10:44:08 -0500},
	lastchecked = {2021-01-08},
	title = {How to estimate the torque of a BLDC (PMSM) electric motor using only its Kv and current draw},
	url = {https://things-in-motion.blogspot.com/2018/12/how-to-estimate-torque-of-bldc-pmsm.html},
	year = {2018},
	bdsk-url-1 = {https://things-in-motion.blogspot.com/2018/12/how-to-estimate-torque-of-bldc-pmsm.html}}

@conference{trqripsrc,
	author = {Martin Sumega and {\v S}imon Zo{\v s}{\v s}ak and Patrik Varecha and Pavol Rafajdus},
	booktitle = {Transportation Research Procedia},
	date-added = {2021-01-08 10:37:33 -0500},
	date-modified = {2021-01-08 10:41:26 -0500},
	number = {40},
	pages = {519-526},
	title = {Sources of torque ripple and their influence in BLDC motor drives},
	url = {https://pdf.sciencedirectassets.com/308315/1-s2.0-S2352146519X0006X/1-s2.0-S2352146519302388/main.pdf?X-Amz-Security-Token=IQoJb3JpZ2luX2VjEJj%2F%2F%2F%2F%2F%2F%2F%2F%2F%2FwEaCXVzLWVhc3QtMSJGMEQCIGCawiphDBjzwi2BfITwAenLSjrBR2OSA7KJdSIbPNH0AiAPXhdXbl2Y30vlaZ2CMfB%2F7J6ei1yZJnTy22mc0vylRCq0AwhgEAMaDDA1OTAwMzU0Njg2NSIMosVSc3tWE8CF0t1GKpEDJPqXOcj77cjG0M8CQsmQfETcyFlS73RbP3h6S0kdO1MQMl%2BrFVN5E9J8nSj1QCKyca9PUtlYQXZC5hG3Ni0D8YcGDqF6nsC%2Bxwn33IviXTi%2FQxTA1XsXVfIqFNzdWFHdKPf5GKxs4EFF7040ef7G%2FlTjoPH7l0rQ6wEOWWNmNDW968yffe1m%2BO92FZEThgmV39RCE2uK9wHgLCtNUcwJ9x1%2BXWHXitVTbFehfYBnrtiXm5PVfaStYUyCcOCasGxkxHjYoGLFKnKDvLlq6LLxF1sQy%2BgNOx%2FMNQat8AkjVxX3nkLt%2B2WCN%2FcTB0g6253%2FiNVwob0CKgh%2BKOa2jyZpIlUuqXpQm1AEkn6Y5sOl52SziOimHumcLSi6kOmUNSUYCziII5iR9qsQVz3clg%2BFqKulFBTviX%2BmRw2Opw%2BDu0CFoDAOPlMRANspv5RZKbkRk4jmP1SESU%2FtyCz1wr1TDvfr1ExRpu4wMxt1fiwlLa57DbT2hSYcjNeFR4zBlmTqgvRIwdqqDB7kz56%2FEjgtnPUw7%2Bvh%2FwU67AGM3DY0aHuM3r8X%2B%2B3mkLDb%2B80Yba%2Foljba094BJZjUsXdNWU4zTlbp3gcInsXkUKqlrd1rzXgr%2BV2L8D9S80sQU2WT5sh7dnACZVcbH7SKXL%2FqMvKlvgIOADVT7XqQRxgEgSR31RQEHCkDL9VGt%2FPCd9pp84FQyLjsD6LmAwPFDA0291jigBZVoVxq90kI4Vp%2BoPCeqrtsqaajsSBN9pbv499Oyc0ite0ew7W%2FIQVdTcPxPnCVnl7Wd6pgtyufZvIsn5Bulcsae8bEHNN2Eq%2BhGpv67KxrO3LprHoczVX2SRDqsIiJzK7HP1tEmg%3D%3D&X-Amz-Algorithm=AWS4-HMAC-SHA256&X-Amz-Date=20210108T153507Z&X-Amz-SignedHeaders=host&X-Amz-Expires=300&X-Amz-Credential=ASIAQ3PHCVTY4V26LFXT%2F20210108%2Fus-east-1%2Fs3%2Faws4_request&X-Amz-Signature=281cbfb2d1ed0c1f2d60f911ca6d56063583e7b4582399137326d50b47bcecb7&hash=f0e3e538f3df75b010324d6a48d62e3f044cddadacdcd27b27c160402ec57e60&host=68042c943591013ac2b2430a89b270f6af2c76d8dfd086a07176afe7c76c2c61&pii=S2352146519302388&tid=spdf-dc22724d-0534-4345-ac99-381facacd448&sid=17af9fad2eab7845cf587092ee3b9a04e2c7gxrqa&type=client},
	year = {2019},
	bdsk-url-1 = {https://pdf.sciencedirectassets.com/308315/1-s2.0-S2352146519X0006X/1-s2.0-S2352146519302388/main.pdf?X-Amz-Security-Token=IQoJb3JpZ2luX2VjEJj%2F%2F%2F%2F%2F%2F%2F%2F%2F%2FwEaCXVzLWVhc3QtMSJGMEQCIGCawiphDBjzwi2BfITwAenLSjrBR2OSA7KJdSIbPNH0AiAPXhdXbl2Y30vlaZ2CMfB%2F7J6ei1yZJnTy22mc0vylRCq0AwhgEAMaDDA1OTAwMzU0Njg2NSIMosVSc3tWE8CF0t1GKpEDJPqXOcj77cjG0M8CQsmQfETcyFlS73RbP3h6S0kdO1MQMl%2BrFVN5E9J8nSj1QCKyca9PUtlYQXZC5hG3Ni0D8YcGDqF6nsC%2Bxwn33IviXTi%2FQxTA1XsXVfIqFNzdWFHdKPf5GKxs4EFF7040ef7G%2FlTjoPH7l0rQ6wEOWWNmNDW968yffe1m%2BO92FZEThgmV39RCE2uK9wHgLCtNUcwJ9x1%2BXWHXitVTbFehfYBnrtiXm5PVfaStYUyCcOCasGxkxHjYoGLFKnKDvLlq6LLxF1sQy%2BgNOx%2FMNQat8AkjVxX3nkLt%2B2WCN%2FcTB0g6253%2FiNVwob0CKgh%2BKOa2jyZpIlUuqXpQm1AEkn6Y5sOl52SziOimHumcLSi6kOmUNSUYCziII5iR9qsQVz3clg%2BFqKulFBTviX%2BmRw2Opw%2BDu0CFoDAOPlMRANspv5RZKbkRk4jmP1SESU%2FtyCz1wr1TDvfr1ExRpu4wMxt1fiwlLa57DbT2hSYcjNeFR4zBlmTqgvRIwdqqDB7kz56%2FEjgtnPUw7%2Bvh%2FwU67AGM3DY0aHuM3r8X%2B%2B3mkLDb%2B80Yba%2Foljba094BJZjUsXdNWU4zTlbp3gcInsXkUKqlrd1rzXgr%2BV2L8D9S80sQU2WT5sh7dnACZVcbH7SKXL%2FqMvKlvgIOADVT7XqQRxgEgSR31RQEHCkDL9VGt%2FPCd9pp84FQyLjsD6LmAwPFDA0291jigBZVoVxq90kI4Vp%2BoPCeqrtsqaajsSBN9pbv499Oyc0ite0ew7W%2FIQVdTcPxPnCVnl7Wd6pgtyufZvIsn5Bulcsae8bEHNN2Eq%2BhGpv67KxrO3LprHoczVX2SRDqsIiJzK7HP1tEmg%3D%3D&X-Amz-Algorithm=AWS4-HMAC-SHA256&X-Amz-Date=20210108T153507Z&X-Amz-SignedHeaders=host&X-Amz-Expires=300&X-Amz-Credential=ASIAQ3PHCVTY4V26LFXT%2F20210108%2Fus-east-1%2Fs3%2Faws4_request&X-Amz-Signature=281cbfb2d1ed0c1f2d60f911ca6d56063583e7b4582399137326d50b47bcecb7&hash=f0e3e538f3df75b010324d6a48d62e3f044cddadacdcd27b27c160402ec57e60&host=68042c943591013ac2b2430a89b270f6af2c76d8dfd086a07176afe7c76c2c61&pii=S2352146519302388&tid=spdf-dc22724d-0534-4345-ac99-381facacd448&sid=17af9fad2eab7845cf587092ee3b9a04e2c7gxrqa&type=client}}

@online{ukf-ne,
	author = {Eric A. Wan and Rudolph van der Merwe},
	date-added = {2020-10-12 22:49:47 -0400},
	date-modified = {2020-10-12 22:50:41 -0400},
	lastchecked = {2020-10-12},
	title = {The Unscented Kalman Filter for Nonlinear Estimation},
	url = {https://www.seas.harvard.edu/courses/cs281/papers/unscented.pdf},
	bdsk-url-1 = {https://www.seas.harvard.edu/courses/cs281/papers/unscented.pdf}}

@online{odri-mde,
	date-added = {2020-10-12 18:24:47 -0400},
	date-modified = {2020-10-12 18:25:11 -0400},
	lastchecked = {2020-10-12},
	title = {Micro Driver Electronics},
	url = {https://github.com/open-dynamic-robot-initiative/open_robot_actuator_hardware/blob/master/electronics/micro_driver_electronics/README.md#micro-driver-electronics},
	year = {2020},
	bdsk-url-1 = {https://github.com/open-dynamic-robot-initiative/open_robot_actuator_hardware/blob/master/electronics/micro_driver_electronics/README.md#micro-driver-electronics}}

@online{robcog,
	author = {Matthew Piccoli and Mark Yim},
	date-added = {2020-10-11 15:54:13 -0400},
	date-modified = {2020-10-11 15:55:40 -0400},
	title = {Cogging Torque Ripple Minimization via Position-Based Characterization},
	url = {http://www.roboticsproceedings.org/rss10/p42.pdf},
	bdsk-url-1 = {http://www.roboticsproceedings.org/rss10/p42.pdf}}

@online{shane-bldc,
	author = {Shane Colton},
	date-added = {2020-10-09 10:37:46 -0400},
	date-modified = {2020-10-09 10:38:59 -0400},
	keywords = {bldc, brushless},
	lastchecked = {2020-10-09},
	title = {Everything You Ever Wanted to Know About Brushless Motors},
	url = {http://scolton.blogspot.com/2009/11/everything-you-ever-wanted-to-know.html},
	year = {2009},
	bdsk-url-1 = {http://scolton.blogspot.com/2009/11/everything-you-ever-wanted-to-know.html}}

@online{infineon-foc,
	date-added = {2020-07-11 23:06:13 -0400},
	date-modified = {2020-07-11 23:08:14 -0400},
	lastchecked = {2020-07-11},
	month = {03},
	title = {Sensorless Field Oriented Control with Embedded Power SoC Z8F68474109},
	url = {https://www.infineon.com/dgdl/Infineon-TLE987x-Sensorless-Field-Oriented-Control-ApplicationNotes-v01_00-EN.pdf?fileId=5546d46270c4f93e0170f23529817afa},
	year = {2020},
	bdsk-url-1 = {https://www.infineon.com/dgdl/Infineon-TLE987x-Sensorless-Field-Oriented-Control-ApplicationNotes-v01_00-EN.pdf?fileId=5546d46270c4f93e0170f23529817afa}}

@misc{drv8323,
	date-added = {2020-06-01 21:05:28 -0400},
	date-modified = {2020-06-01 21:05:51 -0400},
	title = {DRV8323 Datasheet},
	url = {http://www.ti.com/lit/ds/symlink/drv8323r.pdf},
	bdsk-url-1 = {http://www.ti.com/lit/ds/symlink/drv8323r.pdf}}

@misc{nttfs4937n,
	date-added = {2020-06-01 21:04:54 -0400},
	date-modified = {2020-06-01 21:05:18 -0400},
	title = {NTTFS4937N Datasheet},
	url = {https://www.onsemi.com/pub/Collateral/NTTFS4937N-D.PDF},
	bdsk-url-1 = {https://www.onsemi.com/pub/Collateral/NTTFS4937N-D.PDF}}

@misc{as5047d,
	date-added = {2020-06-01 21:03:31 -0400},
	date-modified = {2020-06-01 21:04:38 -0400},
	title = {AS5047D Datasheet [v1-07] 2016-Apr-27},
	url = {https://ams.com/documents/20143/36005/AS5047D_DS000394_2-00.pdf/c7225c06-112f-82c5-4471-17a2711a7f0e},
	bdsk-url-1 = {https://ams.com/documents/20143/36005/AS5047D_DS000394_2-00.pdf/c7225c06-112f-82c5-4471-17a2711a7f0e}}

@online{hsm,
	author = {Roberto Petrella},
	date-added = {2020-06-01 21:01:30 -0400},
	date-modified = {2020-06-01 21:03:01 -0400},
	lastchecked = {2020-06-01},
	title = {High-Performance Full-Digital Drive System System for Hybrid Stepper Motors},
	url = {http://www.diegm.uniud.it/petrella/Azionamenti%20Elettrici%20I/Presentazione%20HSM.pdf},
	bdsk-url-1 = {http://www.diegm.uniud.it/petrella/Azionamenti%20Elettrici%20I/Presentazione%20HSM.pdf}}

@book{mod-ctrl-el-machines,
	author = {John Chiasson},
	date-added = {2020-05-22 10:03:49 -0400},
	date-modified = {2020-05-22 10:10:22 -0400},
	editor = {Mohamed E. El-Hawary},
	publisher = {John Wiley \& Sons, Inc.},
	series = {IEEE Series on Power Engineering},
	title = {Modeling and High Performance Control of Electric Machines},
	url = {http://read.pudn.com/downloads206/ebook/971827/Modeling[1].and.High.Performance.Control.of.Electric.Machines.pdf},
	year = {2005},
	bdsk-url-1 = {http://read.pudn.com/downloads206/ebook/971827/Modeling%5B1%5D.and.High.Performance.Control.of.Electric.Machines.pdf}}

@article{stator-flux-voc,
	author = {H. Hofmann and S. R. Sanders and C. R. Sullivan},
	date-added = {2020-05-21 21:22:50 -0400},
	date-modified = {2020-05-21 21:24:21 -0400},
	journal = {IEEE Transactions on Industry Applications},
	number = {4},
	pages = {935-942},
	title = {Stator-Flux-Based Vector Control of Induction Machines in Magnetic Saturation},
	url = {https://engineering.dartmouth.edu/inductor/papers/tia33-935.pdf},
	volume = {33},
	year = {1997},
	bdsk-url-1 = {https://engineering.dartmouth.edu/inductor/papers/tia33-935.pdf}}

@online{phase-diff,
	author = {Milos Sedlacek and Michal Krumpholc},
	date-added = {2020-05-21 09:48:54 -0400},
	date-modified = {2020-05-21 09:51:01 -0400},
	lastchecked = {2020-05-21},
	title = {Digital measurement of Phase Difference -- A Comparative Study of DSP ALgorithms},
	url = {http://www.metrology.pg.gda.pl/full/2005/M&MS_2005_427.pdf},
	year = {2005},
	bdsk-url-1 = {http://www.metrology.pg.gda.pl/full/2005/M&MS_2005_427.pdf}}

@article{sensorless-usk,
	author = {Haidong Lv and Gualiang Wei and Zhugang Ding and Xueming Ding},
	date-added = {2020-04-28 22:41:11 -0400},
	date-modified = {2020-04-28 22:45:52 -0400},
	journal = {Systems Science \& Control Engineering},
	pages = {8-3},
	title = {Sensorless control for the Brushless DC motor: an unscented Kalman filter algorithm},
	url = {https://doi.org/10.1080/21642583.2014.982769},
	volume = {3},
	year = {2015},
	bdsk-url-1 = {https://doi.org/10.1080/21642583.2014.982769}}

@article{sensorless-ctrl,
	author = {Gerasimos G. Rigatos and Pierluigi Siano},
	date-added = {2020-04-28 22:16:14 -0400},
	date-modified = {2020-04-28 22:46:04 -0400},
	journal = {International Journal of Advanced Robotic Systems},
	title = {Sensorless Control of Electric Motors with kalman Filters: Applications to Robotic and Industrial Systems},
	url = {https://doi.org/10.5772/10680},
	year = {2011},
	bdsk-url-1 = {https://doi.org/10.5772/10680}}

@online{kalman-tut,
	author = {Gabriel A. Terejanu},
	date-added = {2020-04-28 12:11:30 -0400},
	date-modified = {2020-04-28 22:45:52 -0400},
	lastchecked = {2020-04-28},
	title = {Discrete Kalman Filter Tutorial},
	url = {https://www.cse.sc.edu/~terejanu/files/tutorialKF.pdf},
	bdsk-url-1 = {https://www.cse.sc.edu/~terejanu/files/tutorialKF.pdf}}
